<collection xmlns="http://www.loc.gov/MARC21/slim">
<record>
  <leader>01241nam0a2200229 i 450 </leader>
  <controlfield tag="001">IT\ICCU\CNCE\068337</controlfield>
  <controlfield tag="005">20080306000000.0</controlfield>
  <datafield tag="012" ind1=" " ind2=" ">
    <subfield code="a">o-n- e.e, a.e, e,a. (C) 1594 (R)</subfield>
    <subfield code="2">fei</subfield>
  </datafield>
  <datafield tag="100" ind1=" " ind2=" ">
    <subfield code="a">20061010d1594        0itac0103    ba</subfield>
  </datafield>
  <datafield tag="101" ind1=" " ind2=" ">
    <subfield code="a">ITA</subfield>
  </datafield>
  <datafield tag="102" ind1=" " ind2=" ">
    <subfield code="a">IT</subfield>
  </datafield>
  <datafield tag="200" ind1="1" ind2=" ">
    <subfield code="a">In lode dell&apos;ill.mo et eccell.mo sig. il sig. don Giouan Fernando di Velasco, contestabile di Castiglia etc. gouernatore dello Stato di Milano per la maest ̉catolica, &amp; suo capitano generale in Italia. Et in proposito del maritaggio dell&apos;illustrissimo signore il signor don Iįco suo figliuolo,  con l&apos;illustrissima signora la signora donna Maddalena Borgia. Versi, di Gio. Filippo Gherardini</subfield>
  </datafield>
  <datafield tag="210" ind1=" " ind2=" ">
    <subfield code="a">In Milano</subfield>
    <subfield code="c">per Francesco Paganello</subfield>
    <subfield code="d">1594</subfield>
  </datafield>
  <datafield tag="215" ind1=" " ind2=" ">
    <subfield code="a">\8! c.</subfield>
    <subfield code="d">4ʻ</subfield>
  </datafield>
  <datafield tag="620" ind1=" " ind2=" ">
    <subfield code="a">IT</subfield>
    <subfield code="d">Milano</subfield>
  </datafield>
  <datafield tag="700" ind1=" " ind2="1">
    <subfield code="a">Gherardini,</subfield>
    <subfield code="b">Giovanni Filippo</subfield>
    <subfield code="3">IT\ICCU\CNCA\005993</subfield>
  </datafield>
  <datafield tag="712" ind1="0" ind2="0">
    <subfield code="a">Paganello, Francesco</subfield>
    <subfield code="3">IT\ICCU\CNCT\000097</subfield>
    <subfield code="4">650</subfield>
  </datafield>
  <datafield tag="790" ind1=" " ind2="1">
    <subfield code="a">Gherardini,</subfield>
    <subfield code="b">Johannes Philippus</subfield>
    <subfield code="3">IT\ICCU\CNCA\019821</subfield>
    <subfield code="z">Gherardini, Giovanni Filippo</subfield>
  </datafield>
  <datafield tag="791" ind1="0" ind2="0">
    <subfield code="a">Paganellus, Franciscus</subfield>
    <subfield code="3">IT\ICCU\CNCT\005246</subfield>
    <subfield code="z">Paganello, Francesco</subfield>
  </datafield>
  <datafield tag="791" ind1="0" ind2="0">
    <subfield code="a">Paganelli, Francesco</subfield>
    <subfield code="3">IT\ICCU\CNCT\005247</subfield>
    <subfield code="z">Paganello, Francesco</subfield>
  </datafield>
  <datafield tag="801" ind1=" " ind2="3">
    <subfield code="a">IT</subfield>
    <subfield code="b">ICCU</subfield>
    <subfield code="c">20201115</subfield>
  </datafield>
  <datafield tag="899" ind1=" " ind2=" ">
    <subfield code="a">Biblioteca Ambrosiana. Milano</subfield>
    <subfield code="1">MI0133</subfield>
    <subfield code="2">VBA 01</subfield>
  </datafield>
</record>
</collection>
